<record><leader>00000cas a2200000 a 4500</leader><controlfield tag="001">11470807</controlfield><controlfield tag="008">841208d185218uuohuwr ne      0    0eng c</controlfield><datafield ind1=" " ind2=" " tag="010"><subfield code="a">sn 84028836 </subfield></datafield><datafield ind1=" " ind2=" " tag="040"><subfield code="a">NPY</subfield><subfield code="b">eng</subfield><subfield code="c">NPY</subfield><subfield code="d">NPX</subfield><subfield code="d">ONP</subfield><subfield code="d">NVF</subfield><subfield code="d">OCLCQ</subfield><subfield code="d">OCLCF</subfield><subfield code="d">OCLCO</subfield></datafield><datafield ind1=" " ind2=" " tag="042"><subfield code="a">pcc</subfield></datafield><datafield ind1=" " ind2=" " tag="043"><subfield code="a">n-us-oh</subfield></datafield><datafield ind1="0" ind2=" " tag="130"><subfield code="a">City times (Zanesville, Ohio)</subfield></datafield><datafield ind1="1" ind2="0" tag="245"><subfield code="a">City times.</subfield></datafield><datafield ind1="3" ind2=" " tag="246"><subfield code="a">Zanesville city times</subfield><subfield code="f">&lt;Jan. 6&gt;-Aug. 25, 1855</subfield></datafield><datafield ind1="3" ind2=" " tag="246"><subfield code="a">City Zanesville times</subfield><subfield code="f">&lt;Jan. 6&gt;-Aug. 25, 1855</subfield></datafield><datafield ind1="1" ind2="3" tag="246"><subfield code="a">Zanesville times</subfield><subfield code="f">Sept. 1, 1855-Aug. 27, 1859</subfield></datafield><datafield ind1=" " ind2=" " tag="260"><subfield code="a">Zanesville, Ohio :</subfield><subfield code="b">J. Glessner &amp; J.B. Roberts,</subfield><subfield code="c">1852-</subfield></datafield><datafield ind1=" " ind2=" " tag="300"><subfield code="a">v.</subfield></datafield><datafield ind1=" " ind2=" " tag="310"><subfield code="a">Weekly</subfield></datafield><datafield ind1="0" ind2=" " tag="362"><subfield code="a">Vol. 1, no. 1 (Sept. 4, 1852)-</subfield></datafield><datafield ind1=" " ind2=" " tag="500"><subfield code="a">"Zanesville" appears in masthead ornament, &lt;Jan. 6&gt;-Aug. 25, 1855.</subfield></datafield><datafield ind1=" " ind2=" " tag="500"><subfield code="a">Editors: J. Glessner, J.B. Roberts, 1852; J. Glessner, 1852-&lt;1864&gt;.</subfield></datafield><datafield ind1=" " ind2="0" tag="651"><subfield code="a">Zanesville (Ohio)</subfield><subfield code="v">Newspapers.</subfield></datafield><datafield ind1=" " ind2="7" tag="655"><subfield code="a">Newspapers.</subfield><subfield code="2">fast</subfield><subfield code="0">(OCoLC)fst01423814</subfield></datafield><datafield ind1=" " ind2="7" tag="651"><subfield code="a">Ohio</subfield><subfield code="z">Zanesville.</subfield><subfield code="2">fast</subfield><subfield code="0">(OCoLC)fst01225925</subfield></datafield><datafield ind1="1" ind2=" " tag="700"><subfield code="a">Glessner, Jacob.</subfield></datafield><datafield ind1=" " ind2=" " tag="752"><subfield code="a">United States</subfield><subfield code="b">Ohio</subfield><subfield code="c">Muskingum</subfield><subfield code="d">Zanesville.</subfield></datafield><datafield ind1="0" ind2="0" tag="785"><subfield code="t">Zanesville City times</subfield><subfield code="w">(DLC)sn 84028837</subfield></datafield></record>